<?xml version="1.0" encoding="UTF-8"?><record xmlns="http://www.loc.gov/MARC21/slim" xmlns:cinclude="http://apache.org/cocoon/include/1.0" xmlns:zs="http://www.loc.gov/zing/srw/">
  <leader>00517nz  a2200133n  4500</leader>
  <controlfield tag="001">no2009187587</controlfield>
  <controlfield tag="003">DLC</controlfield>
  <controlfield tag="005">20091122075245.0</controlfield>
  <controlfield tag="008">091120n| acannaabn          |n aaa     c</controlfield>
  <datafield tag="010" ind1=" " ind2=" ">
    <subfield code="a">no2009187587</subfield>
  </datafield>
  <datafield tag="035" ind1=" " ind2=" ">
    <subfield code="a">(OCoLC)oca08313090</subfield>
  </datafield>
  <datafield tag="040" ind1=" " ind2=" ">
    <subfield code="a">NmLcU</subfield>
    <subfield code="b">eng</subfield>
    <subfield code="c">NmLcU</subfield>
  </datafield>
  <datafield tag="100" ind1="1" ind2=" ">
    <subfield code="a">Foster, Ron,</subfield>
    <subfield code="d">1976-</subfield>
  </datafield>
  <datafield tag="670" ind1=" " ind2=" ">
    <subfield code="a">Basin-fill architecture of the Pliocene-Lower Pleistocene Palomas Formation adjacent to the intrabasinal Mud Springs Mountains, southern Rio Grande Rift, 2009</subfield>
    <subfield code="b">t.p. (Ron Foster); p. iv (b. Dec. 18, 1976, Ojai, Calif.)</subfield>
  </datafield>
</record>